<?xml version="1.0" encoding="UTF-8"?><collection xmlns="http://www.loc.gov/MARC21/slim"><record><leader>00720nam--2200193-i-4500</leader><controlfield tag="001">000019894</controlfield><controlfield tag="002">20161230</controlfield><controlfield tag="005">20161230201033</controlfield><controlfield tag="008">060222s1000------------r-----000-0-eng-d</controlfield><datafield ind1=" " ind2=" " tag="020"><subfield code="a">0444853936</subfield></datafield><datafield ind1=" " ind2=" " tag="040"><subfield code="a">IFIN-HH</subfield></datafield><datafield ind1=" " ind2=" " tag="080"><subfield code="a">539.186(061.3)</subfield></datafield><datafield ind1="1" ind2=" " tag="100"><subfield code="a">Takayanagi, K</subfield></datafield><datafield ind1="1" ind2="0" tag="245"><subfield code="a">Electronic and atomic collisions</subfield><subfield code="b">Xith international conference on the physics of electronic and atomic collisions 29 august-4 sept.1979, kyoto international conference hall kyoto, japan. abstracts of contributed papers</subfield><subfield code="c">K. takayanagi, n. oda (eds.)</subfield></datafield><datafield ind1=" " ind2=" " tag="260"><subfield code="a">Amsterdam</subfield><subfield code="b">North-holland Publishing Company</subfield><subfield code="c">1979</subfield></datafield><datafield ind1=" " ind2=" " tag="300"><subfield code="a">XXXVII + 1043 P</subfield></datafield><datafield ind1="1" ind2=" " tag="700"><subfield code="a">Oda, N</subfield><subfield code="e">Ed</subfield></datafield><datafield ind1=" " ind2=" " tag="852"><subfield code="a">48922</subfield><subfield code="c">539.18</subfield></datafield><datafield ind1=" " ind2=" " tag="CAT"><subfield code="a">Sys</subfield><subfield code="c">20120704</subfield><subfield code="h">173336</subfield></datafield></record></collection>